@webpage{crossgrid,
key={Crossgrid},
title = "{CrossGrid Project}",
url = {http://www.eu-crossgrid.org/},
}

@webpage{datagrid,
key={Datagrid},
title = "{DataGrid Project}",
url = {http://www.eu-datagrid.org/},
}

@webpage{geant,
key={Geant},
title = "{GÃ©ant}",
url = {http://www.dante.net/geant/},
}

@webpage{Globus,
key={Globus},
title = "{The Globus Project}",
url = {http://www.globus.org/},
}

@webpage{GGF,
key={GGF},
title = "{The Global Grid Forum}",
url = {http://www.ggf.org/},
}

@webpage{SETI,
key={SETI},
title = "{SETI@Home}",
url = {http://setiathome.ssl.berkeley.edu/},
}

@webpage{tutorial,
key={Tutorial},
title = "{The Globus Toolkit 3 Programmer's Tutorial}",
url = {http://www.casa-sotomayor.net/gt3-tutorial/},
}

@webpage{wsdl,
key={wsdl},
title = "{Web Services Description Language (WSDL) 1.1}",
url = {http://www.w3.org/TR/wsdl},
month = "marzo",
year = "2001"
}

@webpage{soap,
key={soap},
title = "{SOAP Version 1.2 Part 1: Messaging Framework}",
url = {http://www.w3.org/TR/soap12-part1/},
month = "diciembre",
year = "2002"
}

@webpage{ogsa_alpha,
key={ogsa_alpha},
title = "{Globus Toolkit 3.0 Alpha Release}",
url = {http://www.globus.org/ogsa/releases/alpha/},
}

