@InProceedings{definition,
author = {Miguel L. Bote-Lorenzo and Yannis A. Dimitriadis and Eduardo Gómez-Sánchez},
title = "{Grid Characteristics and Uses: a Grid Definition}",
booktitle = {First European Across Grids Conference},
year = {2003},
}

@Article{anatomy,
author = {I. Foster and C. Kesselman and S. Tuecke},
title = "{The Anatomy of the Grid: Enabling Scalable Virtual Organizations}",
journal = {International J. Supercomputer Applications},
year = {2001},
volume = {15},
number = {3},
}

@Article{services_integration,
author = {I. Foster and C. Kesselman and J.Nick and S. Tuecke},
title = "{Grid Services for Distributed System Integration}",
journal = {Computer},
year = {2002},
volume = {35},
number = {6},
}

@Article{jmarco,
author = {Jesús Marco},
title = "{Grids y e-Ciencia}",
journal = {Boletín de la RedIRIS},
number = {61},
year = {2002},
month = {septiembre},
pages = {16--22},
}

@TechReport{physiology,
author = {I. Foster and C. Kesselman and J.Nick and S. Tuecke},
title = "{The Physiology of the Grid: An Open Grid Services Architecture for Distributed Systems Integration}",
institution = {Open Grid Service Infrastructure WG, Global Grid Forum},
year = {2002},
month = {junio},
}

@TechReport{gss,
author = {S. Tuecke and K. Czajkowski and I. Foster and J. Frey and S. Graham and C. Kesselman},
title = "{Grid Service Specification (draft 4)}",
institution = {Open Grid Service Infrastructure WG, Global Grid Forum},
year = {2002},
month = {octubre},
}

@Book{grid,
editor = {Ian Foster and Carl Kesselman},
title = {The Grid: Blueprint for a New Computing Infrastructure},
publisher = {Morgan Kaufmann},
year = {1999},
}

@Unpublished{crossgrid_ogsa,
author = {Maciej Malawsky and Marian Bubak and Katarzyna Zajac},
title = {Integration of the CrossGrid Services into the OGSA Model},
note = {Documento interno del proyecto CrossGrid},
}








